% This file was created with Citavi 6.8.0.0

@Book{Behnke2006,
  author         = {Behnke, Joachim and Behnke, Nathalie},
  date           = {2006},
  title          = {Grundlagen der statistischen Datenanalyse. Eine Einf{\"u}hrung f{\"u}r Politikwissenschaftler},
  location       = {Wiesbaden},
  publisher      = {{VS Verlag f{\"u}r Sozialwissenschaften}},
  file           = {Behnke_Behnke_2006:Behnke2006.pdf:pdf},
  groups         = {Web-Based-Training; WBT stats101},
  keywords       = {Grundlagen; Kreuztabellen; Methoden; Mittelwertvergleiche; Nachschlagewerk; quantitativ; Statistik},
  qualityassured = {qualityAssured},
}

@Book{Bortz2005,
  author         = {Bortz, J{\"u}rgen},
  date           = {2005},
  title          = {Statistik f{\"u}r Human- und Sozialwissenschaftler},
  edition        = {6},
  location       = {Heidelberg},
  publisher      = {{Springer Medizin Verlag}},
  file           = {Bortz_2005:Bortz2005.pdf:pdf},
  groups         = {Web-Based-Training; WBT stats101},
  keywords       = {Methoden; quantitativ; Sozialforschung; Statistik},
  qualityassured = {qualityAssured},
}

@Book{Gehring2009,
  author    = {Gehring, Uwe W. and Weins, Cornelia},
  date      = {2009},
  title     = {Grundkurs Statistik f{\"u}r Politologen und Soziologen},
  edition   = {5},
  location  = {Wiesbaden},
  publisher = {{VS Verlag f{\"u}r Sozialwissenschaften}},
  groups    = {Web-Based-Training; WBT stats101},
  keywords  = {Grundlagen; Lehrbuch; Methoden; Statistik},
}

@Book{Kromrey2016,
  author    = {Kromrey, Helmut and Roose, Jochen and Str{\"u}bing, J{\"o}rg},
  date      = {2016},
  title     = {Empirische Sozialforschung},
  edition   = {13},
  location  = {Konstanz and M{\"u}nchen},
  publisher = {{UVK Verlagsgesellschaft mbH}},
  abstract  = {im Bestand},
  groups    = {Web-Based-Training; Büro; WBT stats101},
  keywords  = {Lehrbuch; Methoden; Nachschlagewerk},
}

@Book{Kuehnel2010,
  author    = {K{\"u}hnel, Steffen and Krebs, Dagmar},
  date      = {2010},
  title     = {Statistik f{\"u}r die Sozialwissenschaften. Grundlagen, Methoden, Anwendungen},
  edition   = {5},
  location  = {Reinbek bei Hamburg},
  publisher = {{Rowohlt Taschenbuch Verlag}},
  abstract  = {- im Besitz},
  groups    = {Web-Based-Training; Büro; WBT stats101},
  keywords  = {Grundlagen; Lehrbuch; Methoden; Nachschlagewerk; quantitativ},
}

@Book{Schnell2013,
  author    = {Schnell, Rainer and Hill, Paul B. and Esser, Elke},
  date      = {2013},
  title     = {Methoden der empirischen Sozialforschung},
  edition   = {10},
  location  = {M{\"u}nchen},
  publisher = {{Oldenbourg Verlag}},
  abstract  = {im Bestand},
  groups    = {Web-Based-Training; Büro; WBT stats101},
  keywords  = {Lehrbuch; Methoden; Nachschlagewerk},
}

@Book{Urban2011,
  author         = {Urban, Dieter and Mayerl, Jochen},
  date           = {2011},
  title          = {Regressionsanalyse:~Theorie, Technik und Anwendung},
  edition        = {4},
  location       = {Wiesbaden},
  publisher      = {{VS Verlag f{\"u}r Sozialwissenschaften}},
  file           = {Urban, Mayerl 2011 - Regressionsanalyse:Urban2011.pdf:pdf},
  groups         = {Web-Based-Training; SPSS Kurs (SoSe 16); WBT stats101},
  keywords       = {Lehrbuch; Methoden; quantitativ},
  qualityassured = {qualityAssured},
}

@Book{Bortz2010,
  author    = {Bortz, Jürgen and Schuster, Christof},
  date      = {2010},
  title     = {Statistik für Human- und Sozialwissenschaftler},
  edition   = {7},
  location  = {Berlin},
  publisher = {Springer-Lehrbuch},
  groups    = {Büro; WBT stats101},
}

@Book{Diekmann2008,
  author         = {Diekmann, Andreas},
  date           = {2008},
  title          = {Empirische Sozialforschung. Grundlagen, Methoden, Anwendungen},
  edition        = {19},
  location       = {Reinbek bei Hamburg},
  publisher      = {{Rowohlt Taschenbuch Verlag}},
  file           = {Diekmann_2008_Stichworte:Diekmann2008.docx:docx},
  groups         = {Web-Based-Training; Politische Unterstützung; WBT stats101},
  keywords       = {Grundlagen; Methoden; Nachschlagewerk; Sozialforschung},
  qualityassured = {qualityAssured},
}

@Book{Cleff2011,
  author         = {Cleff, Thomas},
  date           = {2011},
  title          = {Deskriptive Statistik und moderne Datenanalyse: Eine copmutergest{\"u}tzte Einf{\"u}hrung mit Excel, PASW~(SPSS) und STATA},
  edition        = {2},
  location       = {Wiesbaden},
  publisher      = {{Springer Fachmedien}},
  file           = {Cleff 2011 - Deskriptive Statistik und moderne Datenanalyse:Cleff2011.pdf:pdf},
  groups         = {Web-Based-Training; Politische Unterstützung; WBT stats101},
  keywords       = {Lehrbuch; Methoden; quantitativ},
  qualityassured = {qualityAssured},
}

@Book{Fromm2010,
  author         = {Fromm, Sabine},
  date           = {2010},
  title          = {Datenanalyse mit SPSS für Fortgeschrittene 2: Multivariate Verfahren für Querschnittsdaten},
  location       = {Wiesbaden},
  publisher      = {{VS Verlag für Sozialwissenschaften}},
  file           = {Fromm 2010 - Datenanalyse mit SPSS für Fortgeschrittene:Fromm2010.pdf:pdf},
  groups         = {SPSS Kurs (SoSe 16); WBT stats101},
  keywords       = {Lehrbuch; Methoden; SPSS},
  qualityassured = {qualityAssured},
}

@Book{Janssen2013,
  author         = {Janssen, Jürgen and Laatz, Wilfried},
  date           = {2013},
  title          = {Statistische Datenanalyse mit SPSS. Eine anwendungsorientierte Einführung in das Basissystem und das Modul Exakte Tests},
  edition        = {8},
  location       = {Berlin and Heidelberg},
  publisher      = {{Springer Gabler}},
  file           = {Janssen, Laatz 2013 - Statistische Datenanalyse mit SPSS:Janssen2013b.pdf:pdf},
  groups         = {Lehrbuch; WBT stats101},
  keywords       = {Lehrbuch; Methoden; quantitativ; SPSS},
  qualityassured = {qualityAssured},
}
